1788 3471
271 628 295 662 vj
758 626 942 653 szm’rlo.

268 684 344 717 bam
363 683 479 728 prodat
494 681 699 717 attentioiem
712 684 883 727 vincatque
899 693 1005 716 rerum
1029 693 1162 724 acervo,
1179 688 1284 714 tamen
1304 689 1339 714 ut
1354 689 1444 716 aetate

270 740 402 772 infimus
414 746 478 778 est,
496 740 543 772 sie
561 740 656 772 etism
678 739 821 771 oratione
834 745 867 771 et
881 739 1023 771 historiae
1042 737 1153 770 indole
1172 748 1242 769 esse
1255 738 1442 782 pessimum.

267 798 433 839 Tantoque
458 796 556 838 magis
572 794 666 827 nobis
686 793 880 838 rejiciendus
900 800 981 834 erat,
1003 805 1105 836 quum
1126 794 1264 838 pretinm
1286 793 1444 838 ejusmodi

268 849 428 882 librorum
438 860 505 880 non
519 859 557 880 ex
573 848 664 891 copia
674 854 876 880 narratorum
889 847 974 890 (quae
984 853 1108 879 tantum
1122 858 1188 880 uon
1198 849 1305 880 omnia
1318 848 1445 880 dudum

267 903 430 946 novimus)
445 902 643 936 metiendum
659 903 717 944 sit,
733 902 789 934 sed
805 903 832 934 is
846 909 1015 934 censeatur
1031 903 1193 945 optimus,
1209 903 1266 946 qui
1281 903 1445 936 literarum

267 959 436 991 historiam
455 958 654 1000 investiganti
677 957 863 989 utilissimus
882 968 950 989 esse
964 958 1074 1001 possit.
1086 959 1199 1001 Itaque
1210 969 1260 990 res
1274 958 1444 1001 flagitabat,

266 1018 306 1044 ut
318 1011 360 1044 ud
377 1011 524 1044 codicem
545 1011 800 1055 antiquissimum
819 1011 878 1054 (N⁰
900 1013 1001 1055 ¹7¹¹)
1017 1023 1078 1042 nos
1101 1019 1366 1044 converteremus.
1385 1013 1445 1045 Hic

267 1073 376 1099 autem
392 1077 495 1110 quum
510 1077 607 1099 omne
616 1076 716 1108 genus
730 1066 920 1109 corruptelis
932 1073 962 1098 et
977 1066 1102 1099 lacunis
1109 1067 1192 1099 soede
1206 1067 1338 1099 mutilus
1355 1073 1444 1107 esset,

266 1132 329 1154 nos
350 1131 427 1154 vero
444 1128 518 1154 ante
536 1121 645 1154 omnia
666 1121 839 1154 verborum
858 1127 1048 1153 contextum
1069 1121 1222 1154 exhibere
1243 1121 1445 1162 deberemus,

267 1175 326 1220 qui
342 1175 550 1220 quantumvis
570 1175 743 1215 barbarus,
754 1175 818 1219 legi
835 1181 941 1207 tamen
957 1182 1067 1219 posset
1081 1188 1088 1207 :
1106 1187 1190 1207 unus
1205 1175 1445 1220 relinquebatur

267 1229 371 1262 codex
394 1229 493 1271 1685,
508 1231 563 1273 qui
589 1229 731 1262 medium
748 1231 832 1261 inter
851 1230 969 1261 alteros
990 1229 1074 1261 duos
1090 1230 1200 1262 locum
1217 1230 1352 1267 obtinet.
1374 1232 1446 1263 Hoc

267 1285 365 1326 igitur
380 1285 592 1317 fundamento
607 1291 725 1317 nostrae
741 1284 892 1316 editionis
908 1285 1101 1324 constituto,
1118 1285 1162 1317 ita
1177 1285 1316 1326 egimus,
1329 1290 1365 1316 ut
1381 1285 1446 1328 pri·

267 1349 360 1371 mum
372 1339 563 1371 narrationis
573 1338 786 1371 diversitatem
796 1349 814 1370 e
826 1339 958 1382 reliquis
970 1338 1060 1371 libris
1072 1345 1286 1380 enotaremu⁵‚
1298 1349 1444 1382 eamque,

266 1393 295 1425 si
316 1393 427 1438 paucis
445 1392 686 1433 continebatur,
704 1394 737 1425 in
757 1393 969 1425 annotatione
989 1393 1259 1432 ascriberemus,
1277 1393 1326 1425 sin
1343 1393 1444 1425 multa

267 1455 345 1487 erat,
365 1448 399 1480 in
419 1454 540 1480 textum
556 1448 780 1492 reciperemus,
793 1448 884 1480 uncis
900 1459 921 1480 a
944 1447 1070 1491 reliquo
1090 1448 1234 1480 historiae
1247 1459 1382 1492 corpore
1396 1459 1445 1480 se-

269 1504 402 1536 clusam.
412 1504 536 1536 Deinde
549 1504 604 1536 ubi
616 1503 753 1535 narratio
767 1504 800 1535 in
817 1503 972 1535 omnibus
984 1503 1074 1535 libris
1086 1502 1200 1535 eodem
1216 1503 1315 1535 modo
1331 1513 1445 1546 prooe-

267 1557 378 1599 debat,
394 1557 542 1590 lectionis
553 1558 735 1589 varietatem
756 1558 949 1601 praecipuam
967 1557 1237 1600 consignavimus.
1262 1557 1446 1589 Levissimas

269 1623 415 1655 quasque
429 1611 624 1644 differentias
643 1623 702 1644 cur
723 1611 757 1643 in
782 1611 924 1644 medium
941 1612 1158 1655 proi'erremus
1177 1623 1270 1644 eausa
1286 1623 1353 1643 non
1375 1611 1446 1643 sub-

271 1673 346 1706 erat,
362 1666 409 1699 uti
423 1677 461 1698 ex
477 1666 515 1698 iis
527 1676 597 1709 quae
606 1666 647 1698 de
663 1667 785 1699 ratione
800 1666 949 1699 codicum
971 1667 1053 1699 infra
1069 1666 1225 1707 dicemus,
1241 1667 1379 1710 quisque
1397 1667 1446 1699 in-

271 1721 400 1764 telliget.
421 1722 570 1764 Denique
581 1722 693 1764 quaein
709 1722 819 1754 codice
838 1721 917 1754 1685
937 1729 1088 1765 corrupta
1100 1722 1149 1754 vel
1161 1733 1275 1754 manca
1285 1722 1446 1764 leguntur,

269 1775 468 1819 reliquorum
494 1775 653 1807 librorum
679 1787 743 1820 ope
763 1776 921 1818 corrigere
942 1782 973 1808 et
988 1776 1136 1808 resarcire
1152 1776 1356 1808 tentavimus.
1371 1778 1447 1809 Pm-

270 1836 354 1862 tereo
370 1835 556 1872 argumenta
570 1830 704 1872 singulis
718 1830 878 1874 capitibus
892 1841 912 1862 e
923 1830 1035 1862 codice
1058 1841 1066 1861 ι
1080 1829 1116 1862 13
1129 1831 1288 1874 praefigens
1306 1842 1446 1875 (nepem.-

271 1895 354 1917 mus.
372 1885 470 1924 Quod
490 1885 675 1917 institutum
698 1885 881 1928 relinquere
898 1885 974 1917 inde
990 1895 1008 1917 a
1022 1885 1126 1928 capite
1145 1887 1241 1918 xxm
1263 1885 1335 1918 libri
1351 1887 1365 1918 Ι
1384 1896 1445 1918 nos

271 1943 399 1969 coactos
414 1936 570 1976 vidimus,
586 1937 741 1980 quoniam
767 1944 953 1980 argumenta
970 1939 1028 1970 ista
1044 1938 1076 1970 in
1095 1938 1309 1971 narrationem
1323 1938 1446 1971 codicis

275 1990 355 2023 1685
372 2002 440 2023 non
452 1990 591 2034 amplius
607 1991 773 2023 cadebant.

312 2045 478 2077 versionis
498 2045 572 2078 loco
582 2045 726 2088 subjecta
738 2051 814 2078 sunt
833 2046 931 2078 latina
942 2047 958 2077 J
962 2046 1017 2078 ulii
1032 2046 1158 2079 Valerii.
1171 2048 1314 2078 Laconas
1327 2047 1446 2079 codicis

270 2098 471 2133 Anibi-usiani
486 2110 522 2132 ex
550 2099 642 2131 libris
663 2100 812 2132 Parisinis
835 2100 1070 2144 supplevimus;
1092 2099 1211 2144 reliqua
1241 2100 1322 2133 locis
1347 2111 1445 2144 quam

271 2153 420 2196 plurimis
427 2153 625 2186 correximus
639 2164 658 2186 e
671 2153 784 2187 codiee
797 2157 867 2197 Reg.
887 2155 981 2194 4880.

312 2206 440 2239 Valerio
467 2208 500 2240 in
525 2207 638 2240 codice
657 2208 870 2240 Ambrosiauo
892 2209 1040 2251 jungitur
1060 2208 1220 2251 Anonymi
1244 2208 1445 2240 itinerarium

272 2260 452 2294 Alexandri.
465 2262 561 2300 Quod
573 2263 728 2305 quoniam
748 2263 790 2294 ab
806 2262 902 2294 altera
920 2269 1008 2306 perte
1024 2273 1101 2294 cum
1119 2263 1270 2302 Arriano,
1290 2263 1332 2294 ab
1348 2262 1446 2295 altera

272 2327 348 2349 oum
360 2315 689 2349 Pseudo—Callisthene
702 2316 967 2360 componendum
982 2323 1041 2357 est,
1063 2328 1129 2349 non
1145 2318 1306 2359 ingratum
1327 2317 1447 2349 lectori·

271 2371 335 2403 bus
350 2371 419 2402 sore
434 2371 627 2414 putavimus,
644 2371 668 2402 si
687 2371 798 2402 denuo
813 2371 899 2414 typis
917 2382 1035 2404 excuso
1053 2371 1092 2403 ad
1113 2371 1231 2403 calcem
1250 2371 1348 2413 hujus
1363 2371 1448 2404 volu-

272 2423 369 2456 minis
381 2423 489 2456 looum
502 2423 762 2456 concederemus.
770 2425 919 2456 Ceterum
933 2424 994 2456 tale
1004 2425 1068 2456 sere
1076 2424 1237 2464 dedimus,
1249 2424 1448 2467 qualeMsjus

272 2488 386 2520 magna
399 2488 474 2511 cum
491 2477 586 2511 leude
598 2479 762 2511 constituit
774 2501 784 2518 ,
801 2485 932 2511 auctum
955 2485 1059 2511 tamen
1073 2478 1329 2512 correctionibus
1345 2478 1447 2512 claris-

271 2532 345 2565 simi
363 2533 517 2574 lavanii,
538 2533 657 2576 quibus
675 2539 784 2566 nosti-a
794 2533 941 2576 quaedsm
956 2533 1150 2566 addidimus.
1167 2533 1254 2566 Vale.

945 2608 1126 2640 emotus
1150 2598 1318 2641 utinum.

343 2679 457 2704 Pnnm
467 2686 553 2705 mense
565 2678 696 2706 decembri
707 2686 866 2706 nocuerat.
