1788 3471
754 560 785 586 ΙΝ
806 558 931 585 LIBRUM
951 559 991 586 iv.

179 620 239 647 ἁλλὰ
251 619 279 647 τὸ
290 618 350 646 πολὺ
366 629 410 655 γαρ
423 617 492 655 μέρος
510 626 558 653 pro
573 617 642 652 vulg.
660 615 720 643 ἀλλὰ
730 615 758 642 τὸ
767 615 812 651 γὰρ
827 626 853 641 π.

179 670 207 694 μ..
220 675 251 680 -
263 659 293 688 6,
307 667 323 683 2
335 658 359 684 ἕν
376 659 451 693 ἑαυτῷ
463 663 580 691 uterque.
596 656 662 682 lbid.
676 659 702 681 A.
720 654 854 690 πρισὸεύειν

179 698 258 733 μέντοι
273 696 303 723 τὰ
313 698 364 724 τοῦ.
373 711 410 717 -
421 697 435 722 5
447 696 517 723 ὁπότι
528 696 583 722 ἱππ.
601 709 637 715 -
646 696 661 720 8
671 714 679 726 ,
696 695 725 720 13
740 693 797 720 ἐὸόα
809 693 855 728 ἄρα

178 737 264 763 καλῶν.
276 750 313 757 -
330 736 360 761 16
372 734 436 761 οὐδὲν
450 735 517 761 ἄλλο.
531 749 565 754 -·
582 742 613 759 21
630 733 711 768 ταύτῃ.
727 742 804 767 ..9,
821 733 853 758 26

178 775 266 810 ὶγίνετο
277 784 310 801 ex
323 778 355 801 A.
364 783 414 810 pro
423 773 522 809 ἐγένετο.

212 816 256 841 11.
274 823 298 847 1,
311 815 343 840 32
356 813 463 848 μιγαλώς
474 823 497 839 τι
510 811 575 848 (sie).
586 826 622 831 —
634 812 665 842 34
679 811 704 837 δὲ
716 811 764 838 καί.
775 826 810 833 —-
821 811 853 837 35

177 854 300 885 ἡττᾶσθαι.
311 868 347 873 -
356 861 371 878 2
380 872 387 884 ,
401 856 435 883 4ο
449 853 473 878 ἰν
485 851 540 887 οἴνῳ
552 859 585 877 ex
597 856 707 885 utroque
727 859 776 885 pro
788 850 811 875 ἕν
821 850 855 885 τῷ

178 891 243 928 οἴνῳ.
253 907 290 914 —
301 893 316 918 3
325 910 332 922 .
345 896 376 922 41
392 890 418 917 δέ
432 890 554 917 omissum
567 889 607 924 (in
624 890 674 915 line
686 888 807 923 paginae).
822 903 854 908 -

180 935 193 962 4
204 951 212 964 ,
229 940 238 956 1
259 930 312 957 οὐδέ
323 940 376 957 τινα
392 931 445 956 ἄλλ.
457 944 494 950 -
511 930 543 962 5,
559 928 574 954 5
586 931 614 954 Δ.
628 935 654 955 et
665 931 691 955 Β.
701 934 730 954 ut
743 928 854 960 editum,

179 970 227 995 nisi
239 969 309 1004 quod
321 971 350 995 B.
362 968 493 1004 ἰξαλείφθη.
502 982 535 988 —
547 968 563 993 6
577 967 665 996 πῖσθιὶς
678 967 742 1002 (sic).
755 967 855 992 Deinde

178 1009 257 1038 κακῶς
265 1029 273 1040 ,
295 1008 364 1043 1111011
389 1016 487 1033 verum.
501 1006 612 1041 Maligna
630 1012 657 1032 et
680 1006 854 1040 perfunctoria

178 1054 233 1073 erat
245 1047 288 1073 illa
300 1046 383 1081 prima
398 1054 458 1071 eura
474 1046 597 1080 eorporis.
611 1045 755 1071 Delendum
769 1046 855 1080 potius

178 1085 331 1111 adverbium
342 1093 400 1110 cum
412 1084 567 1111 Schneidero
581 1094 658 1119 quum
667 1085 744 1113 καλῶς
756 1093 853 1119 ponen-

179 1124 241 1150 dum
251 1124 321 1158 quod
336 1132 387 1149 nou
396 1129 437 1150 est
445 1122 521 1158 liujus
534 1123 592 1149 loci.
602 1138 637 1142 —
650 1132 664 1155 7
678 1122 797 1149 ἀπέδωκεν
812 1127 840 1149 A.
844 1143 853 1155 ,

179 1162 249 1197 quod
263 1162 435 1189 schneiderus
446 1162 583 1196 scripserat
597 1170 646 1196 pro
661 1161 724 1187 ἐπίδ.
736 1175 771 1181 -
780 1163 809 1192 6,
824 1170 854 1186 1ο

179 1201 286 1236 μεγάλως
298 1210 333 1227 τι.
344 1200 384 1227 lb.
396 1199 621 1231 ἂπαυθιδιάζισθαι.
634 1199 762 1234 praesenti.
776 1214 812 1220 —
829 1209 854 1233 7,

180 1249 214 1266 21)
226 1241 322 1276 χρῆναι.
333 1253 369 1259 —
377 1248 408 1273 9,
422 1242 452 1270 14
466 1239 530 1275 αὐτῷ
540 1238 592 1268 τοὺς
605 1249 630 1265 κ.
642 1242 682 1271 Α.,
694 1239 764 1273 quod
778 1241 853 1273 Wyi-

180 1278 332 1305 tenbachius
347 1278 490 1304 restituerat
503 1286 551 1312 pro
563 1276 619 1304 αὐτὸ
628 1287 650 1304 τ.
663 1287 686 1304 κ.

214 1319 249 1344 X.
265 1325 274 1342 1
284 1337 292 1351 ,
310 1317 341 1342 18
352 1316 552 1352 ὑπαγορικότιρον.
566 1331 597 1336 -
615 1325 643 1342 21
660 1316 765 1352 ξυγγέγρ.
785 1323 853 1343 uter-

179 1365 239 1391 que,
252 1361 281 1381 ut
292 1355 472 1381 Schmiederus
484 1355 622 1389 scripserat
635 1364 683 1389 pro
696 1354 810 1391 ξυνεγέγρ.
819 1370 854 1376 -

179 1404 212 1421 22
228 1394 361 1429 tegendum
381 1393 420 1430 ὑφ’
431 1394 495 1430 αὑτῷ
515 1389 587 1426 εἶναι,
601 1394 685 1420 deleto
698 1404 724 1420 τε
740 1394 810 1429 quod
828 1395 853 1421 in

178 1439 270 1459 neutro
283 1442 399 1459 meorum
412 1439 450 1459 est
465 1442 512 1458 nec
533 1433 559 1458 in
569 1433 621 1458 ulla
636 1438 698 1459 vett.
711 1433 770 1461 edd,
779 1448 815 1454 —
827 1442 852 1466 2,

178 1478 210 1503 24
222 1472 377 1507 κτησάμενος.
392 1488 423 1492 -
438 1476 452 1503 4
462 1492 470 1504 ,
491 1475 505 1503 4
519 1472 580 1507 ιῑτῷ
592 1472 656 1508 vulp„
668 1478 697 1498 ut
713 1474 768 1498 Bas.
790 1487 826 1493 —
839 1474 853 1499 5

177 1511 278 1547 ὑπάρχοι
287 1517 312 1537 et
322 1511 404 1543 Ξθίλοι,
417 1521 430 1544 7
444 1510 594 1547 ὑπάρχοι.-
605 1512 632 1543 6,
642 1520 674 1545 19
685 1511 749 1542 Θηὸ.
762 1511 804 1546 μὲν
816 1508 852 1544 ἦν.

177 1565 212 1570 -
223 1559 248 1582 7,
261 1551 295 1577 23
315 1549 383 1576 αὑτὸν
397 1559 438 1585 σφ.
449 1565 486 1572 -
495 1553 526 1580 24
539 1544 605 1577 εἶναι.
617 1565 653 1573 -
664 1550 697 1576 25
710 1549 739 1582 δή
751 1559 802 1576 om.
818 1566 853 1571 —

178 1589 211 1614 26
222 1588 295 1624 εῐπιρ.

211 1629 258 1654 XI.
274 1637 284 1653 ι
295 1646 302 1659 ,
313 1628 346 1653 3ο
357 1627 398 1653 καὶ
410 1626 448 1660 δή.
460 1642 496 1650 --
509 1628 539 1653 31
556 1637 582 1654 τι
592 1626 652 1657 τούς.
662 1643 697 1648 —
712 1637 742 1661 2,
756 1628 789 1654 33
801 1629 853 1655 οὑδὲ

178 1670 240 1701 μιᾶς.
252 1681 289 1688 -
309 1667 343 1693 38
363 1667 404 1693 καὶ
413 1666 498 1701 τεμένη
514 1666 551 1693 ὅτι
570 1676 592 1692 τ.
604 1672 720 1702 uterque.
731 1683 766 1688 —
777 1669 806 1700 3,
820 1669 851 1698 43

177 1705 297 1741 ἱδρυμένον
308 1705 360 1732 οὐδὲ
370 1707 406 1742 qh,
417 1706 472 1731 siue
482 1705 531 1737 καί,
544 1705 615 1741 quod
626 1706 773 1733 notandum.
781 1721 813 1726 —
828 1707 852 1738 ⁵,

177 1743 193 1768 8
205 1744 407 1780 Ἀλιξάνδροω-
422 1753 452 1770 10
462 1744 771 1780 ἀριπῦστρατηγικέπατον,
781 1746 851 1780 quod

177 1784 237 1812 sort.
260 1784 329 1810 Flor.
345 1792 449 1818 quoque
462 1782 548 1809 habet.
569 1783 702 1810 scribatur
721 1785 800 1819 igitur
813 1784 852 1811 τὸν

175 1822 454 1858 ὀρωτοστρατηγότατον.
466 1836 501 1841 -
514 1822 539 1853 6,
554 1831 562 1847 1
572 1831 581 1848 ι
596 1822 665 1859 ἥπερ.
676 1836 712 1843 -
728 1824 758 1849 13
771 1823 853 1849 συνόν-

175 1871 212 1887 τα.
221 1875 255 1881 -
270 1865 299 1892 14
311 1859 392 1896 ἄρχειν
406 1870 433 1895 γι
445 1869 475 1886 ex
494 1863 522 1886 A.
534 1869 584 1895 pro
593 1870 628 1888 σι,
641 1863 669 1887 B.
683 1868 708 1887 et
721 1862 763 1889 ed.
775 1862 850 1888 Basil.

174 1910 209 1928 τι.
222 1915 259 1921 -
273 1908 298 1933 7,
309 1909 342 1926 22
353 1901 459 1926 ἐπιθεσπ.
470 1914 506 1920 --
514 1900 546 1925 23
560 1906 652 1934 praeter
663 1901 685 1927 οῐ
697 1901 762 1935 λόγοι
775 1901 850 1928 etiam

174 1938 291 1974 γίγνονται
304 1944 374 1965 recte
385 1939 477 1973 legitur
486 1939 511 1965 in
524 1942 552 1964 A.
565 1947 613 1973 pro
624 1939 757 1973 γίγνωνται.
770 1949 805 1959 ’-
818 1942 850 1965 26

174 1978 265 2013 ἐγένετο
273 1987 303 2004 ex
315 1983 426 2013 utroque
438 1987 487 2012 pro
499 1978 566 2012 vulg.
576 1977 688 2012 ἐγίγνετο.
701 1978 739 2004 lb.
748 1980 852 2014 προσθῆ-

173 2027 221 2050 vni,
232 2017 265 2043 28
278 2017 482 2052 προσαναγκᾶσης,
495 2018 527 2042 3ο
538 2017 680 2053 προσθήσης.
693 2032 729 2037 -
741 2018 767 2049 8,
778 2020 807 2043 31
820 2018 851 2047 εἷς

174 2056 278 2086 ἅπαντας
286 2065 318 2082 ex
330 2060 367 2088 A.‚
377 2056 447 2091 qnod
459 2056 549 2082 melius
565 2065 641 2091 quam
652 2057 721 2091 vulg.
736 2057 767 2086 εἰς
778 2056 849 2083 ἅπαν.

173 2097 202 2121 Β.
213 2100 238 2121 et
249 2095 290 2121 ed.
303 2097 360 2122 Bas.
373 2095 396 2124 ἐς
410 2094 512 2121 ἅπασαν.
528 2112 562 2118 -
571 2104 596 2128 9,
610 2096 641 2125 34
656 2094 748 2129 λέγεται
758 2096 850 2131 πρῶτον

173 2136 222 2165 Α.,
234 2134 288 2160 sine
301 2133 427 2164 articulo,
442 2133 512 2168 quod
530 2133 622 2168 probo.
635 2133 662 2159 τὸ
673 2144 714 2169 πρ.
727 2136 756 2160 Β.
769 2149 805 2153 -
818 2138 851 2165 4ο

173 2171 261 2208 Ἆρτοξ.
275 2172 317 2198 hic
328 2178 446 2206 uterque.

209 2213 269 2238 xil.
285 2221 307 2244 1,
319 2213 351 2242 43
367 2211 470 2241 cimino<
483 2211 662 2244 Καλλισθένους,
677 2212 747 2246 quod
758 2218 850 2238 notan-

172 2250 286 2276 dum.—
298 2254 330 2281 44
340 2250 449 2285 μιγάλως
462 2251 519 2277 sine
530 2261 561 2277 τι.
570 2266 606 2271 -
616 2251 650 2282 45
660 2252 759 2285 γνῶντα.
772 2266 808 2271 —
822 2260 848 2282 2,

174 2294 209 2324 ’.9
222 2290 301 2322 ἐπειδή
313 2300 336 2316 τι
348 2289 388 2316 καὶ
400 2290 447 2322 ἐδ.,
461 2291 533 2316 litera
547 2300 557 2319 ς
566 2299 615 2325 pro
629 2291 849 2325 compendiowoc.

172 2330 215 2355 mxi
224 2335 337 2364 accepto.
346 2344 382 2349 —-
394 2338 409 2355 2
422 2328 568 2363 ξυναλγῆναι,
582 2344 618 2350 -
638 2331 664 2362 5,
680 2339 707 2362 17
720 2334 850 2365 παρασχεῖν

172 2368 251 2400 αὐτόν,
263 2369 318 2394 sine
328 2369 471 2404 φιλῆσαι-
485 2369 512 2400 6,
526 2378 557 2403 19
567 2368 633 2404 nepo
647 2379 673 2395 τε
684 2369 726 2400 τήν
736 2378 767 2394 ex
778 2377 849 2395 utro-

170 2416 232 2441 que.
246 2408 348 2434 Omissa
358 2413 398 2434 est
410 2408 437 2433 in
452 2407 609 2434 editionibus
622 2408 755 2442 particula.
771 2423 802 2427 —
817 2409 849 2434 23

171 2445 286 2473 dwnno‘v.

208 2486 282 2511 xm.
296 2494 306 2510 1
316 2505 323 2517 ,
337 2487 370 2512 32
382 2484 426 2511 ὅσα
437 2486 461 2516 ἐς
475 2485 514 2518 ἧλ.
525 2484 717 2520 ἐμειρακιεύοντο.
727 2485 850 2511 Scriben-

170 2522 233 2549 dum
249 2523 329 2558 igitur
344 2525 532 2559 ἕμειρακιοῦντο,
546 2523 674 2550 vocabulo
685 2524 849 2559 xenophon-

171 2569 231 2595 teo‚
245 2563 423 2589 emoliendum
437 2563 543 2589 fortasse
555 2572 587 2588 ex
596 2563 729 2589 Thesauro
742 2563 850 2589 verbum

169 2601 315 2637 Μιιρακέζω,
329 2602 400 2636 quod
409 2611 441 2627 ex
451 2611 503 2627 uno
513 2602 563 2627 11οο
574 2603 632 2628 loco
643 2602 759 2628 affertur.
772 2617 808 2622 -—
817 2604 850 2636 39

169 2640 265 2676 βασιλιί
276 2649 369 2667 om.—
382 2650 397 2666 2
408 2660 416 2675 ,
426 2642 459 2675 39
469 2636 507 2672 ἦν.
518 2655 552 2660 -
564 2644 593 2671 41
611 2641 647 2667 sic
660 2641 807 2667 distinctum
823 2641 850 2667 in

166 2683 202 2717 A,
217 2693 249 2700 —
272 2683 306 2711 42
323 2680 347 2706 ἐν
369 2679 430 2716 θήρᾳ
447 2689 478 2705 ex
503 2682 534 2705 A.
555 2688 603 2714 pro
625 2680 649 2709 t<
669 2680 742 2716 θήριν
751 2700 758 2712 ,
778 2681 848 2715 quod

1517 572 1567 598 xvij

894 614 989 641 frustra
1006 615 1135 651 explicare
1147 616 1232 642 studet
1247 617 1438 643 Ellendtins.-
1451 623 1482 649 44
1499 620 1569 646 ὁστι-

895 654 976 688 ρήσας.
989 669 1024 674 -—-
1037 655 1066 686 3,
1079 658 1111 687 49
1121 654 1146 680 τὲ
1156 656 1237 681 ἑαυτοῦ
1254 662 1371 690 uterque.
1380 671 1416 677 -—
1432 658 1464 683 50
1473 659 1503 690 οἱ,
1518 668 1568 684 non

894 694 915 718 οἱ
933 694 1011 728 αὐτῷ,
1023 702 1080 728 quae
1094 695 1160 720 Flor.
1177 695 1305 729 scriptura
1317 695 1393 721 (locet
1408 705 1495 723 omnes
1513 698 1570 724 illos

895 733 965 757 locos
975 733 1000 757 in
1011 733 1105 767 quibus
1115 734 1192 762 αὐτοῖς
1204 743 1250 768 pro
1262 733 1339 769 σφίσιν
1353 741 1378 760 et
1397 736 1455 761 talia
1472 736 1571 770 praebet

894 772 972 803 solus,
983 780 1037 797 esse
1048 772 1223 808 interpolatos.
1232 787 1268 792 -
1281 777 1306 805 4,
1322 773 1337 798 5
1350 779 1376 798 et
1384 782 1454 808 seqq.
1464 774 1570 809 Ἀρσαίου

894 816 1009 844 uterque.
1024 824 1055 830 —
1066 811 1082 836 6
1093 811 1132 840 εἰς.
1142 826 1175 830 -
1186 811 1212 842 6,
1225 820 1257 837 2ο
1270 813 1329 837 &Iov
1342 808 1402 838 εἶναι(
1413 823 1442 837 τι.
1454 831 1487 836 —
1502 822 1527 847 7,
1537 815 1570 839 26

894 849 927 884 τῷ
939 848 1077 883 Ἐπιμένους
1089 858 1120 875 ex
1131 853 1159 875 A.
1178 859 1227 884 pro
1243 852 1291 876 τοῦ.
1311 865 1343 870 -
1358 851 1390 882 37
1405 851 1447 883 τὴν
1464 861 1505 878 cx.
1527 851 1569 883 τὴν

895 886 939 913 Ἀλ.
953 896 985 913 ex
997 891 1039 919 A.‚
1052 888 1123 922 quod
1136 888 1169 914 de
1177 889 1323 922 conjectura
1332 889 1448 916 ediderat
1458 891 1568 917 Ellendt.

895 925 991 952 Aberat
1005 927 1070 952 alter
1079 927 1201 953 articulus
1209 947 1218 960 ,
1228 927 1301 962 cnjus
1313 928 1445 963 vestigium
1457 930 1533 955 etiam
1543 931 1569 955 in

894 967 922 991 B.
940 964 983 996 τὴν
1001 975 1038 991 cx.
1050 967 1092 991 τοῦ
1104 965 1152 992 m.
1163 981 1199 985 —
1210 966 1243 991 28
1259 965 1339 1001 Λᾶγω.
1350 980 1385 987 --
1404 976 1437 1001 29
1449 967 1489 994 καὶ
1501 969 1514 994 ὁ
1523 968 1568 995 Ἀλ-

894 1012 924 1029 ex
936 1009 1055 1038 utroque.
1065 1004 1150 1039 Vulgo
1160 1005 1215 1030 sine
1227 1005 1299 1030 artic.

929 1044 998 1068 xlv.
1012 1044 1077 1073 1,36
1090 1042 1113 1073 ἐξ
1126 1052 1177 1069 0111.
1190 1058 1225 1064 —-
1235 1052 1265 1076 2,
1281 1043 1314 1074 48
1331 1043 1412 1073 ὕπνους
1436 1045 1502 1075 τοὺς
1524 1045 1570 1072 Ἇλ.

894 1090 924 1107 ex
938 1087 1058 1116 utroque,
1071 1082 1141 1116 quod
1153 1081 1257 1108 volebat
1270 1083 1412 1109 Ellendtius
1426 1093 1474 1118 pro
1483 1087 1571 1110 τοῦ.-

895 1124 929 1154 49
937 1119 1018 1146 ἔαυτόν
1032 1130 1058 1146 τι
1070 1120 1111 1146 καί
1120 1130 1152 1146 ex
1161 1121 1259 1147 iisdem.
1270 1122 1355 1156 Vulgo
1365 1132 1391 1148 τι
1405 1123 1535 1150 omissum.

930 1161 987 1186 XV.
1004 1168 1031 1193 ¹,
1046 1163 1075 1190 14
1091 1155 1148 1190 ἧκεν
1157 1155 1228 1189 αὖθις.
1239 1175 1270 1180 -
1284 1161 1314 1186 15
1327 1156 1360 1189 οἷς
1370 1167 1486 1196 uterque.
1498 1177 1531 1182 ——
1543 1164 1569 1194 3,

895 1199 928 1223 30
939 1199 1036 1224 ἀκοῦσαι
1052 1203 1168 1233 uterque.
1180 1213 1215 1218 —-
1227 1199 1257 1231 5,
1271 1203 1301 1230 41
1316 1199 1436 1235 ξύμφορα,
1446 1205 1478 1231 42
1490 1202 1523 1227 δέ.
1536 1217 1569 1222 -

895 1237 928 1267 46
937 1235 1084 1262 ἐπετέτακτο.
1098 1251 1132 1256 -
1151 1241 1182 1268 47
1197 1236 1333 1269 ξυνα-νήσας,
1348 1253 1383 1257 -
1394 1239 1427 1268 48
1440 1239 1486 1271 ἤθη
1503 1246 1567 1265 uter·

894 1284 945 1309 que
963 1275 1017 1301 sine
1029 1275 1066 1301 τά.
1079 1290 1115 1295 -
1126 1276 1151 1307 6,
1167 1276 1200 1302 50
1216 1279 1294 1302 πᾶσαν
1308 1276 1336 1303 ἂν
1357 1277 1403 1309 ἤδη
1419 1277 1482 1313 ἔχειν
1495 1288 1526 1304 ex
1541 1283 1567 1305 A.

895 1322 943 1348 pro
956 1314 1023 1348 vulg.
1035 1317 1113 1340 πᾶσαν
1128 1313 1155 1346 δὴ
1172 1313 1247 1349 ἔχειν,
1267 1315 1337 1349 1111011
1355 1325 1402 1351 per
1419 1325 1446 1342 se
1461 1317 1571 1349 bonnm,

894 1353 938 1378 sed
946 1353 1044 1379 facilius
1056 1362 1086 1379 ex
1098 1354 1143 1379 illo
1160 1354 1294 1380 oriebatur
1302 1363 1380 1389 quam
1396 1355 1459 1381 1111111
1473 1365 1505 1381 ex
1514 1356 1570 1383 hoc.

895 1406 929 1411 —
940 1401 950 1417 1
961 1391 989 1418 ἄν
1001 1401 1051 1418 om.
1059 1412 1066 1424 ‚
1077 1398 1104 1418 et
1113 1393 1219 1419 seclusi:
1234 1402 1293 1418 nam
1309 1400 1406 1420 certum
1418 1400 1473 1420 erat
1485 1395 1534 1422 hoc
1544 1396 1571 1422 111

895 1432 1015 1457 Graeciarn
1026 1431 1151 1457 redeundi
1161 1432 1294 1458 consilium
1307 1432 1376 1467 quod
1388 1442 1454 1468 saepe
1466 1435 1571 1468 prolite-

894 1465 971 1497 bacin
979 1471 1134 1497 Alexander.
1143 1485 1178 1491 —
1191 1475 1205 1503 4
1216 1472 1238 1501 ἐς
1252 1471 1280 1498 τὸ
1291 1471 1343 1498 τότι
1356 1474 1384 1498 Β.
1397 1473 1420 1502 ἐς
1432 1472 1483 1499 τότε
1496 1477 1526 1500 Δ.
1536 1489 1570 1495 -

895 1518 921 1543 7,
936 1519 948 1541 7
958 1513 1087 1545 προχωρεῖν
1097 1515 1212 1544 uterque.

929 1550 996 1574 XVI.
1010 1557 1032 1580 1,
1045 1557 1078 1574 2ο
1091 1548 1226 1584 Πολυπέρχ.
1247 1548 1289 1575 hic
1303 1555 1419 1584 uterque.
1433 1565 1468 1570 —
1484 1552 1515 1576 23
1536 1550 1571 1577 ἔτι

894 1593 978 1613 servat
990 1589 1033 1620 A.‚
1041 1593 1067 1613 et
1075 1593 1149 1613 erunt
1160 1589 1180 1613 οἱ
1194 1587 1227 1613 ἔτι
1238 1588 1392 1624 ἀφεστηκότες
1400 1589 1444 1624 11111
1457 1596 1570 1624 perstant

894 1626 919 1651 in
932 1625 1087 1658 desectione,
1101 1626 1214 1652 nondum
1226 1626 1274 1653 sub
1287 1626 1445 1654 dominatum
1458 1629 1570 1655 Alexan—

894 1664 934 1690 dri
948 1665 1087 1691 redierunt.
1098 1679 1134 1685 —
1148 1670 1180 1696 24
1202 1665 1307 1701 ἐξαίρειν.
1317 1681 1353 1685 -
1366 1675 1391 1698 2,
1410 1668 1444 1693 25
1462 1668 1508 1693 τῶν
1527 1667 1570 1702 μὲν
1616 1691 1621 1694 .

894 1711 1008 1739 uterque.
1021 1704 1174 1741 Ἡφαιστίωνι
1191 1710 1221 1732 A.
1232 1720 1267 1725 —-
1279 1707 1306 1738 3,
1321 1707 1350 1732 31
1364 1707 1441 1732 αὐτῶν
1455 1717 1504 1742 pro
1516 1710 1570 1734 τῶν.

893 1759 923 1763 -
938 1744 969 1775 34
985 1743 1115 1779 ξύμπαντα.
1126 1763 1159 1767 -
1170 1749 1198 1776 41
1213 1744 1281 1780 ἐξῄει.
1292 1760 1327 1767 —-
1339 1750 1364 1777 4,
1377 1749 1410 1776 42
1423 1746 1520 1776 fafiton.
1534 1762 1570 1768 --

894 1783 926 1813 43
938 1783 1045 1820 φυγάδες.
1058 1797 1094 1803 -
1105 1783 1132 1814 5,
1147 1784 1180 1813 48
1193 1782 1323 1819 διέφθειραν
1338 1784 1430 1810 reduxi
1447 1794 1478 1810 ex
1493 1789 1522 1812 A.
1534 1801 1570 1808 —

896 1832 906 1848 1
919 1823 941 1852 ἐς
955 1822 1068 1858 φυλακήν.
1080 1823 1227 1850 Certissima
1245 1824 1401 1858 estKriigeri
1414 1825 1570 1857 emendatio,

892 1867 919 1888 et
938 1862 1057 1888 annotavi
1075 1862 1267 1888 fluctuationem
1288 1863 1366 1888 nostri
1389 1863 1484 1888 codic-,is
1502 1864 1570 1890 inu-r

892 1901 916 1927 ἐν
924 1906 951 1926 et
964 1902 994 1930 ἐς.
1005 1917 1040 1922 -
1054 1901 1068 1926 3
1078 1902 1137 1937 Ζαρ.
1148 1911 1174 1927 τε
1184 1900 1318 1930 τελέσαντες
1332 1916 1368 1922 —-
1377 1903 1393 1928 6
1404 1922 1411 1933 ,
1423 1911 1436 1933 7
1447 1904 1493 1927 τῶν
1503 1903 1568 1929 ἑταί-

893 1950 938 1976 ρων
952 1939 1043 1965 timeum
1055 1949 1086 1966 ex
1101 1946 1212 1975 utroque
1229 1950 1277 1975 pro
1293 1941 1361 1974 vulg.
1376 1951 1397 1966 τ.
1416 1942 1469 1967 ἱππ.
1489 1942 1522 1968 ἔτ.
1535 1957 1568 1963 -

897 1987 926 2004 ιο
935 1978 978 2010 τήν
990 1987 1041 2004 om.
1055 1994 1091 1998 —
1100 1980 1131 2005 13
1145 1979 1166 2004 oi
1174 1978 1218 2005 ὑπὸ
1230 1979 1323 2015 φυλακῇ
1335 1981 1532 2015 τῆςΖαριασπῶν,
1540 1987 1567 2007 nt

892 2017 1055 2043 scribendum
1067 2018 1101 2043 sit
1114 2019 1144 2052 τῇ
1155 2027 1203 2052 pro
1213 2018 1279 2052 vulg.
1289 2019 1344 2044 τῶν.

926 2058 1008 2083 XVII.
1029 2066 1039 2082 1
1053 2076 1061 2090 ,
1078 2065 1111 2088 27
1130 2056 1238 2088 ἤλαυνον.
1253 2075 1286 2080 -.
1299 2065 1314 2082 2
1324 2077 1331 2088 ,
1346 2059 1378 2083 32
1389 2067 1413 2082 τι
1427 2058 1452 2083 111
1469 2064 1568 2088 neutro,

891 2100 920 2120 ut
938 2095 971 2120 de
985 2104 1033 2120 suo
1050 2096 1156 2121 sortasse
1171 2095 1299 2121 addiderit
1317 2097 1431 2122 Gronov.
1443 2111 1475 2115 —-
1488 2097 1502 2121 3
1513 2116 1520 2128 ‚
1534 2101 1567 2127 42

891 2135 962 2160 ὑπακ,
975 2149 1011 2153 -
1023 2133 1047 2166 5,
1060 2143 1069 2159 1
1086 2144 1139 2169 σφιν
1151 2136 1180 2160 A.
1192 2136 1221 2160 ln
1234 2136 1260 2160 B.
1273 2135 1394 2160 omissum
1404 2154 1411 2166 ,
1424 2135 1507 2169 spatio
1519 2145 1564 2161 va-

891 2181 940 2198 cuo
958 2173 1054 2200 relicto.
1072 2188 1108 2192 —
1120 2177 1134 2204 4
1155 2172 1241 2201 Γαὸάς.
1258 2187 1293 2193 -
1314 2174 1328 2198 5
1342 2173 1479 2207 Σογδιανῆς.
1492 2189 1529 2193 -
1541 2175 1567 2207 5,

895 2212 924 2237 13
939 2218 964 2237 et
983 2220 1053 2246 seqq.
1070 2215 1101 2238 A.
1115 2210 1259 2245 Σπιταμένει
1277 2218 1303 2238 et
1318 2211 1492 2246 Σπιταμένους,
1511 2222 1567 2247 qna·

891 2251 1048 2277 restituenda
1060 2257 1131 2286 puto.
1145 2253 1173 2278 B.
1187 2256 1215 2277 ut
1228 2251 1379 2278 editum.—
1392 2252 1417 2282 6,
1434 2261 1464 2286 ¹9
1476 2252 1567 2277 ὑπολει-

891 2289 987 2324 πόμενοι
999 2299 1030 2316 ex
1044 2294 1087 2323 A.‚
1101 2291 1171 2324 quod
1189 2290 1290 2325 scripsit
1306 2290 1456 2317 Ellendiius.
1482 2291 1567 2324 Vulgo

890 2330 994 2362 ὑπολιπ,
1004 2330 1105 2356 vitiose.
1116 2344 1152 2349 —
1160 2338 1193 2356 2ο
1205 2331 1226 2356 οἱ
1237 2329 1319 2355 πολλοί
1332 2339 1362 2355 ex
1377 2335 1496 2364 utroque.
1510 2330 1567 2355 Vul-

891 2377 923 2402 go
935 2368 989 2393 sine
999 2368 1073 2395 artic.
1085 2383 1121 2388 —-
1134 2377 1163 2394 21
1177 2368 1310 2404 παρέδοσαν
1322 2368 1444 2402 scriptum
1459 2368 1485 2394 in
1497 2369 1564 2395 A.—

892 2416 915 2439 7,
925 2408 958 2432 26
969 2406 1126 2441 ἐξηγγέλλετο,
1138 2407 1209 2441 quod
1220 2407 1315 2433 servari
1326 2412 1454 2441 potest.-—
1463 2407 1496 2432 28
1511 2408 1566 2433 ἄπο-

890 2445 1014 2481 τρέψαντις
1025 2445 1072 2472 ἀπὸ
1087 2455 1127 2482 οφ.
1139 2446 1227 2478 αὐτῶν,
1244 2445 1332 2472 eadem
1347 2454 1379 2471 111.
1397 2452 1520 2472 mutatum
1538 2447 1564 2472 111

891 2483 968 2510 αὐτόν.

925 2525 1021 2549 XVIII.
1038 2532 1061 2555 1,
1071 2522 1102 2549 33
1115 2522 1200 2549 πάντα.
1209 2538 1245 2542 -
1256 2531 1282 2554 2,
1295 2523 1327 2548 35
1335 2532 1386 2549 non
1397 2523 1475 2550 habet
1487 2521 1565 2556 ἧν.-

891 2562 923 2594 37
936 2561 1074 2597 Φαδράτην.
1087 2576 1121 2582 -
1133 2562 1148 2587 3
1158 2581 1166 2595 ,
1184 2563 1216 2596 39
1237 2561 1278 2587 hic
1297 2562 1474 2598 Στραστάνορα.
1486 2579 1521 2583 -
1532 2565 1565 2594 43

890 2600 988 2635 πέμπει.
999 2616 1034 2623 -
1047 2601 1079 2631 45
1094 2599 1220 2627 Σπόκιλον.
1231 2616 1266 2622 -·
1279 2605 1303 2632 4,
1315 2610 1326 2626 1
1341 2611 1414 2636 συμπ.
1427 2617 1460 2621 -
1472 2603 1486 2627 3
1501 2603 1566 2638 ἀφει-

890 2639 972 2671 στήκει
990 2640 1015 2665 111
1036 2645 1198 2674 utroque.-
1211 2640 1241 2672 6,
1255 2644 1284 2671 14
1303 2639 1397 2673 ἐμὸεὸλ.
1412 2642 1444 2666 Et
1459 2640 1566 2675 uterque

889 2678 1065 2714 προκληθίντες.
1077 2694 1113 2699 -
1131 2679 1161 2705 15
1178 2677 1274 2715 ὓπάρξει
1292 2678 1352 2704 dedi
1363 2687 1412 2713 pro
1424 2678 1522 2715 ὑπάρχει
1534 2689 1566 2706 ex
